@article{PCA,
  title={Anomaly Detection Using Principal Component Analysis},
  author={A. Sree Deepthi and  K.Venkata Rao},
  journal={IJCST},
  volume={5},
  number={4},
  pages={124--126},
  year={2014},
  url={http://www.ijcst.com/vol54/1/28-Adathakula-Sree-Deepthi.pdf}
}

@online{PCA1,
  author = {A. Sree Deepth},
  title = {Anomaly Detection Using Principal Component Analysis},
  year = 2014,
  url ={ http://www.ijcst.com/vol54/1/28-Adathakula-Sree-Deepthi.pdf},
  urldate = {2019-09-12}
}

@online{LOF,
  author = {Markus M. Breunig and Hans-Peter Kriegel and Raymond T. Ng and Jörg Sander},
  title = {Identifying Density-Based Local Outliers},
  year = 2000,
  url = {https://www.dbs.ifi.lmu.de/Publikationen/Papers/LOF.pdf},
  urldate = {2019-09-12}
}


@online{KNN,
  author = {Kirk D. Borne},
  title = {Effective Outlier Detection using K-Nearest Neighbor Data Distributions},
  year = 2010,
  url = {https://pdfs.semanticscholar.org/f3eb/4573d3164345063351979c9409014ec33d4d.pdf},
  urldate = {2019-09-12}
}


@online{IF,
  author = {Fei Tony Liu and Kai Ming Ting and Zhi-Hua Zhou},
  title = {Isolation Forest},
  year = 2008,
  url = {https://cs.nju.edu.cn/zhouzh/zhouzh.files/publication/icdm08b.pdf},
  urldate = {2019-09-12}
}


@online{HBOS,
  author = {Markus Goldstein and Andreas Dengel},
  title = {Histogram-based Outlier Score (HBOS): A fast
Unsupervised Anomaly Detection Algorithm
},
  year = 2012,
  url = {https://pdfs.semanticscholar.org/5cf8/81d1db19834f123fcfc79ad32097aeafe17f.pdf},
  urldate = {2019-09-12}
}

@article{scikit-learn,
 title={Scikit-learn: Machine Learning in {P}ython},
 author={Pedregosa, F. and Varoquaux, G. and Gramfort, A. and Michel, V.
         and Thirion, B. and Grisel, O. and Blondel, M. and Prettenhofer, P.
         and Weiss, R. and Dubourg, V. and Vanderplas, J. and Passos, A. and
         Cournapeau, D. and Brucher, M. and Perrot, M. and Duchesnay, E.},
 journal={Journal of Machine Learning Research},
 volume={12},
 pages={2825--2830},
 year={2011}
}


@article{zhao2019pyod,
  author  = {Zhao, Yue and Nasrullah, Zain and Li, Zheng},
  title   = {PyOD: A Python Toolbox for Scalable Outlier Detection},
  journal = {Journal of Machine Learning Research},
  year    = {2019},
  volume  = {20},
  number  = {96},
  pages   = {1-7},
  url     = {http://jmlr.org/papers/v20/19-011.html}
}

@article{tsfresh,
  author = {Maximilian Christ and Nils Braun and Julius Neuffer and Andreas W.Kempa-Liehr},
  title = {Time Series FeatuRe Extraction on basis of Scalable Hypothesis tests (tsfresh – A Python package)},
  journal = {Neurocomputing},
  year    = {2018},
  volume  = {307},
  pages   = {72-77},
  url     = {https://www.sciencedirect.com/science/article/pii/S0925231218304843}
}

@article{AnomalyDetection,
author = {Dominique Shipmon and Jason Gurevitch and Paolo Piselli and Stephen Edwards},
year = {2017},
month = {08},
pages = {},
title = {Time Series Anomaly Detection; Detection of anomalous drops with limited features and sparse examples in noisy highly periodic data},
ulr = {https://static.googleusercontent.com/media/research.google.com/it//pubs/archive/dfd834facc9460163438b94d53b36f51bb5ea952.pdf}
}

@online{FeatureExtraction,
  author = {Samina Khalid and Tehmina Khalil and Shamila Nasreen},
  title = {A Survey of Feature Selection and Feature Extraction Techniques in Machine Learning},
  year = 2014,
  url = {https://www.researchgate.net/publication/265727419_A_Survey_Of_Feature_Selection_And_Feature_Extraction_Techniques_In_Machine_LearningSAI2014l},
  urldate = {2019-09-12}
}


@online{mysql,
  author = {Oracle},
  title = {MySQL},
  year = 2019,
  url = {https://dev.mysql.com/doc/refman/8.0/en/},
  urldate = {2019-09-12}
}

@online{clickhouse,
  author = {Yandex},
  title = {ClickHouse},
  year = 2019,
  url = {https://clickhouse.yandex},
  urldate = {2019-09-12}
}

@online{postgresql,
  author = {PGDG},
  title = {PostgreSQL},
  year = 2019,
  url = {https://www.postgresql.org/},
  urldate = {2019-09-12}
}

@Article{matplotlib,
  Author    = {Hunter, J. D.},
  Title     = {Matplotlib: A 2D graphics environment},
  Journal   = {Computing in Science \& Engineering},
  Volume    = {9},
  Number    = {3},
  Pages     = {90--95},
  publisher = {IEEE COMPUTER SOC},
  doi       = {10.1109/MCSE.2007.55},
  year      = { 2007}
}

@online{plotly, 
  author = {Plotly Technologies Inc.}, 
  title = {Collaborative data science},
  publisher = {Plotly Technologies Inc.},
  address = {Montreal, QC}, 
  year = {2015},
  url = {https://plot.ly} }

@online{labview, 
  author = {National Instruments}, 
  title = {LabVIEW},
  year = {2019},
  url = {https://www.ni.com/it-it/shop/labview.html} 
}

@online{multiphaseIntroduction,
  author = {National Measurement System},
  title = {An Introduction to Multiphase Flow Measurement},
  year = 2019,
  url = {https://www.tuv-sud.co.uk/uploads/images/1546619713906923071361/an-introduction-to-multiphase-flow-measurement.pdf},
  urldate = {2019-09-12}
}
